@article{janssen2002bertrand,
	title        = {Bertrand competition under uncertainty},
	author       = {Janssen, Maarten and Rasmusen, Eric},
	year         = 2002,
	journal      = {The Journal of Industrial Economics},
	publisher    = {Wiley Online Library},
	volume       = 50,
	number       = 1,
	pages        = {11--21}
}

@article{Varela2005Shelf-life,
title={Shelf-life estimation of 'Fuji' apples : Sensory characteristics and consumer acceptability},
author={P. Varela and A. Salvador and S. Fiszman},
journal={Postharvest Biology and Technology},
year={2005},
volume={38},
pages={18-24},
doi={10.1016/J.POSTHARVBIO.2005.05.009}
}


@misc{yanchang2023,
  author       = {{Yanchang County Government}},
  title        = {2023 Agricultural Development Report},
  year         = {2023},
  url          = {http://www.yanchangxian.gov.cn/},
  note         = {Accessed: 2025-03-13},
}


@article{Echeverría2004Relationships,
title={Relationships between volatile production, fruit quality and sensory evaluation of Fuji apples stored in different atmospheres by means of multivariate analysis},
author={G. Echeverría and M. T. Fuentes and J. Graell and M. López},
journal={Journal of the Science of Food and Agriculture},
year={2004},
volume={84},
pages={5-20},
doi={10.1002/JSFA.1554}
}


@article{stephens2011incomplete,
  title={Incomplete credit markets and commodity marketing behaviour},
  author={Stephens, Emma C and Barrett, Christopher B},
  journal={Journal of agricultural economics},
  volume={62},
  number={1},
  pages={1--24},
  year={2011},
  publisher={Wiley Online Library}
}
@article{dohmen2011individual,
  title={Individual risk attitudes: Measurement, determinants, and behavioral consequences},
  author={Dohmen, Thomas and Falk, Armin and Huffman, David and Sunde, Uwe and Schupp, J{\"u}rgen and Wagner, Gert G},
  journal={Journal of the european economic association},
  volume={9},
  number={3},
  pages={522--550},
  year={2011},
  publisher={Oxford University Press}
}
@article{holt2002risk,
  title={Risk aversion and incentive effects},
  author={Holt, Charles A and Laury, Susan K},
  journal={American economic review},
  volume={92},
  number={5},
  pages={1644--1655},
  year={2002},
  publisher={American Economic Association}
}

@article{brick2012risk,
  title={Risk aversion: Experimental evidence from South African fishing communities},
  author={Brick, Kerri and Visser, Martine and Burns, Justine},
  journal={American Journal of Agricultural Economics},
  volume={94},
  number={1},
  pages={133--152},
  year={2012},
  publisher={Wiley Online Library}
}


@article{ai2003interaction,
  title={Interaction terms in logit and probit models},
  author={Ai, Chunrong and Norton, Edward C},
  journal={Economics letters},
  volume={80},
  number={1},
  pages={123--129},
  year={2003},
  publisher={Elsevier}
}

@article{yu2018effects,
  title={Effects of crop insurance premium subsidies on crop acreage},
  author={Yu, Jisang and Smith, Aaron and Sumner, Daniel A},
  journal={American Journal of Agricultural Economics},
  volume={100},
  number={1},
  pages={91--114},
  year={2018},
  publisher={Wiley Online Library}
}

@article{schoemaker1982expected,
  title={The expected utility model: Its variants, purposes, evidence and limitations},
  author={Schoemaker, Paul JH},
  journal={Journal of economic literature},
  pages={529--563},
  year={1982},
  publisher={JSTOR}
}

@article{coyle1992risk,
  title={Risk aversion and price risk in duality models of production: a linear mean-variance approach},
  author={Coyle, Barry T},
  journal={American Journal of Agricultural Economics},
  volume={74},
  number={4},
  pages={849--859},
  year={1992},
  publisher={Wiley Online Library}
}

@article{levy1979approximating,
  title={Approximating expected utility by a function of mean and variance},
  author={Levy, Haim and Markowitz, Harry M},
  journal={The American Economic Review},
  volume={69},
  number={3},
  pages={308--317},
  year={1979},
  publisher={JSTOR}
}


@article{chiu2016supply,
  title={Supply chain risk analysis with mean-variance models: A technical review},
  author={Chiu, Chun-Hung and Choi, Tsan-Ming},
  journal={Annals of Operations Research},
  volume={240},
  number={2},
  pages={489--507},
  year={2016},
  publisher={Springer}
}

@article{jung2022structural,
  title={A structural estimation of spatial differentiation and market power in input procurement},
  author={Jung, Jinho and Sesmero, Juan and Siebert, Ralph},
  journal={American Journal of Agricultural Economics},
  volume={104},
  number={2},
  pages={613--644},
  year={2022},
  publisher={Wiley Online Library}
}


@article{hamilton2021joint,
  title={Joint Oligopsony-Oligopoly Power in Food Processing Industries: Application to the us Broiler Industry},
  author={Hamilton, Stephen F and Sunding, David L},
  journal={American Journal of Agricultural Economics},
  volume={103},
  number={4},
  pages={1398--1413},
  year={2021},
  publisher={Wiley Online Library}
}

@article{saitone2009flexible,
  title={A flexible oligopoly-oligopsony model for classroom simulations and policy analyses},
  author={Saitone, Tina L and Sexton, Richard J},
  journal={Journal of Industrial Organization Education},
  volume={4},
  number={1},
  pages={1--16},
  year={2009},
  publisher={De Gruyter}
}

@article{markowitz2014mean,
  title={Mean--variance approximations to expected utility},
  author={Markowitz, Harry},
  journal={European Journal of Operational Research},
  volume={234},
  number={2},
  pages={346--355},
  year={2014},
  publisher={Elsevier}
}


@article{meyer1987two,
  title={Two-moment decision models and expected utility maximization},
  author={Meyer, Jack},
  journal={The American economic review},
  pages={421--430},
  year={1987},
  publisher={JSTOR}
}

@article{saitone2009optimal,
  title={Optimal cooperative pooling in a quality-differentiated market},
  author={Saitone, Tina L and Sexton, Richard J},
  journal={American Journal of Agricultural Economics},
  volume={91},
  number={5},
  pages={1224--1232},
  year={2009},
  publisher={JSTOR}
}

@article{hardaker2000some,
	title        = {Some issues in dealing with risk in agriculture},
	author       = {Hardaker, J Brian},
    journal      = {Working Paper},
	year         = 2000
}
@article{jin2024losses,
	title        = {Losses because of risk attitudes or time preference: off-farm cold storage and intertemporal marketing of apple growers in China},
	author       = {Jin, Shaoze and Jia, Xiangping and James, Harvey S},
	year         = 2024,
	journal      = {Journal of Agribusiness in Developing and Emerging Economies},
	publisher    = {Emerald Publishing Limited},
	volume       = 14,
	number       = 2,
	pages        = {350--375}
}
@article{macchiavello2021competition,
	title        = {Competition and relational contracts in the Rwanda coffee chain},
	author       = {Macchiavello, Rocco and Morjaria, Ameet},
	year         = 2021,
	journal      = {The Quarterly Journal of Economics},
	publisher    = {Oxford University Press},
	volume       = 136,
	number       = 2,
	pages        = {1089--1143}
}
@article{finger2023stability,
	title        = {The (in) stability of farmer risk preferences},
	author       = {Finger, Robert and W{\"u}pper, David and McCallum, Chloe},
	year         = 2023,
	journal      = {Journal of Agricultural Economics},
	publisher    = {Wiley Online Library},
	volume       = 74,
	number       = 1,
	pages        = {155--167}
}
@article{jin2017farmers,
	title        = {Farmers’ risk preferences in rural China: Measurements and determinants},
	author       = {Jin, Jianjun and He, Rui and Gong, Haozhou and Xu, Xia and He, Chunyang},
	year         = 2017,
	journal      = {International journal of environmental research and public health},
	publisher    = {MDPI},
	volume       = 14,
	number       = 7,
	pages        = 713
}
@article{de2014measuring,
	title        = {Measuring risk attitudes among Mozambican farmers},
	author       = {De Brauw, Alan and Eozenou, Patrick},
	year         = 2014,
	journal      = {Journal of Development Economics},
	publisher    = {Elsevier},
	volume       = 111,
	pages        = {61--74}
}
@article{chiappori2011relative,
	title        = {Relative risk aversion is constant: Evidence from panel data},
	author       = {Chiappori, Pierre-Andr{\'e} and Paiella, Monica},
	year         = 2011,
	journal      = {Journal of the European Economic Association},
	publisher    = {Oxford University Press},
	volume       = 9,
	number       = 6,
	pages        = {1021--1052}
}
@article{wambach1999bertrand,
	title        = {Bertrand competition under cost uncertainty},
	author       = {Wambach, Achim},
	year         = 1999,
	journal      = {International Journal of Industrial Organization},
	publisher    = {Elsevier},
	volume       = 17,
	number       = 7,
	pages        = {941--951}
}
@article{fisman_miguel_2007,
	title        = {Corruption, norms, and legal enforcement: Evidence from diplomatic parking tickets},
	author       = {Fisman, Raymond and Miguel, Edward},
	year         = 2007,
	journal      = {Journal of Political Economy},
	volume       = 115,
	number       = 6,
	pages        = {1020–1048},
	doi          = {10.1086/527495}
}
@article{ahn2015vertical,
	title        = {Vertical price transmission of perishable products: the case of fresh fruits in the Western United States},
	author       = {Ahn, Byeongil and Lee, Hyunok},
	year         = 2015,
	journal      = {Journal of Agricultural and Resource Economics},
	publisher    = {JSTOR},
	pages        = {405--424}
}
@book{li2007retailer,
	title        = {Retailer Pricing Behavior for a Fresh Produce Commodity: The Case of Avocados},
	author       = {Li, Lan},
	year         = 2007,
	publisher    = {University of California, Davis}
}
@misc{ma_qin_2022,
	title        = {Who Loves Apples the Most (Other than Isaac Newton)?},
	author       = {Ma, Zhiyao and Qin, Zhiran},
	year         = 2022,
	month        = {Dec},
	journal      = {Ag Data News},
	publisher    = {Aaron Smith},
	url          = {https://agdatanews.substack.com/p/who-loves-apples-the-most-other-than?utm_source=post-email-title&amp;publication_id=689765&amp;post_id=90946508&amp;isFreemail=true&amp;utm_medium=email}
}
@article{meyer2004asymmetric,
	title        = {Asymmetric price transmission: a survey},
	author       = {Meyer, Jochen and Von Cramon-Taubadel, Stephan},
	year         = 2004,
	journal      = {Journal of agricultural economics},
	publisher    = {Wiley Online Library},
	volume       = 55,
	number       = 3,
	pages        = {581--611}
}
@inproceedings{von1994identifying,
	title        = {Identifying asymmetric price transmission with error correction models},
	author       = {von Cramon-Taubadel, Stephan and Fahlbusch, S},
	year         = 1994,
	booktitle    = {Poster Session EAAE European Seminar in Reading}
}
@article{engle1987co,
	title        = {Co-integration and error correction: representation, estimation, and testing},
	author       = {Engle, Robert F and Granger, Clive WJ},
	year         = 1987,
	journal      = {Econometrica: journal of the Econometric Society},
	publisher    = {JSTOR},
	pages        = {251--276}
}
@article{hassouneh2015nonlinearities,
	title        = {Nonlinearities in the Slovenian apple price transmission},
	author       = {Hassouneh, Islam and Serra, Teresa and Bojnec, {\v{S}}tefan},
	year         = 2015,
	journal      = {British Food Journal},
	publisher    = {Emerald Group Publishing Limited},
	volume       = 117,
	number       = 1,
	pages        = {461--478}
}
@article{rezitis2019modeling,
	title        = {Modeling asymmetric price transmission in the European food market},
	author       = {Rezitis, Anthony N and Tsionas, Mike},
	year         = 2019,
	journal      = {Economic Modelling},
	publisher    = {Elsevier},
	volume       = 76,
	pages        = {216--230}
}
@article{gonzalo2006threshold,
	title        = {Threshold effects in cointegrating relationships},
	author       = {Gonzalo, Jesus and Pitarakis, Jean-Yves},
	year         = 2006,
	journal      = {Oxford Bulletin of Economics and Statistics},
	publisher    = {Wiley Online Library},
	volume       = 68,
	pages        = {813--833}
}
@article{shin2014modelling,
	title        = {Modelling asymmetric cointegration and dynamic multipliers in a nonlinear ARDL framework},
	author       = {Shin, Yongcheol and Yu, Byungchul and Greenwood-Nimmo, Matthew},
	year         = 2014,
	journal      = {Festschrift in honor of Peter Schmidt: Econometric methods and applications},
	publisher    = {Springer},
	pages        = {281--314}
}
@article{frey2007econometric,
	title        = {Econometric models of asymmetric price transmission},
	author       = {Frey, Giliola and Manera, Matteo},
	year         = 2007,
	journal      = {Journal of Economic surveys},
	publisher    = {Wiley Online Library},
	volume       = 21,
	number       = 2,
	pages        = {349--415}
}
@article{atil2014asymmetric,
	title        = {Asymmetric and nonlinear pass-through of crude oil prices to gasoline and natural gas prices},
	author       = {Atil, Ahmed and Lahiani, Amine and Nguyen, Duc Khuong},
	year         = 2014,
	journal      = {Energy Policy},
	publisher    = {Elsevier},
	volume       = 65,
	pages        = {567--573}
}
@article{delatte2012asymmetric,
	title        = {Asymmetric exchange rate pass-through: Evidence from major countries},
	author       = {Delatte, Anne-Laure and L{\'o}pez-Villavicencio, Antonia},
	year         = 2012,
	journal      = {Journal of Macroeconomics},
	publisher    = {Elsevier},
	volume       = 34,
	number       = 3,
	pages        = {833--844}
}
@article{katrakilidis2012drives,
	title        = {What drives housing price dynamics in Greece: New evidence from asymmetric ARDL cointegration},
	author       = {Katrakilidis, Constantinos and Trachanas, Emmanouil},
	year         = 2012,
	journal      = {Economic Modelling},
	publisher    = {Elsevier},
	volume       = 29,
	number       = 4,
	pages        = {1064--1069}
}
@article{verheyen2013exchange,
	title        = {Exchange rate nonlinearities in EMU exports to the US},
	author       = {Verheyen, Florian},
	year         = 2013,
	journal      = {Economic Modelling},
	publisher    = {Elsevier},
	volume       = 32,
	pages        = {66--76}
}
@article{chen2020asymmetric,
	title        = {The asymmetric influence of financial development on economic growth in Kenya: evidence from NARDL},
	author       = {Chen, Hao and Hongo, Duncan O and Ssali, Max William and Nyaranga, Maurice Simiyu and Nderitu, Consolata Wairimu},
	year         = 2020,
	journal      = {Sage Open},
	publisher    = {SAGE Publications Sage CA: Los Angeles, CA},
	volume       = 10,
	number       = 1,
	pages        = 2158244019894071
}
@article{liang2020us,
	title        = {US uncertainty and Asian stock prices: Evidence from the asymmetric NARDL model},
	author       = {Liang, Chin Chia and Troy, Carol and Rouyer, Ellen},
	year         = 2020,
	journal      = {The North American Journal of Economics and Finance},
	publisher    = {Elsevier},
	volume       = 51,
	pages        = 101046
}
@article{arize2017exchange,
	title        = {Do exchange rate changes improve the trade balance: An asymmetric nonlinear cointegration approach},
	author       = {Arize, Augustine C and Malindretos, John and Igwe, Emmanuel U},
	year         = 2017,
	journal      = {International Review of Economics \& Finance},
	publisher    = {Elsevier},
	volume       = 49,
	pages        = {313--326}
}
@article{chowdhury2021asymmetric,
	title        = {Asymmetric effect of energy price on commodity price: New evidence from NARDL and time frequency wavelet approaches},
	author       = {Chowdhury, Mohammad Ashraful Ferdous and Meo, Muhammad Saeed and Uddin, Ajim and Haque, Md Mahmudul},
	year         = 2021,
	journal      = {Energy},
	publisher    = {Elsevier},
	volume       = 231,
	pages        = 120934
}
@article{rezitis2019investigating,
	title        = {Investigating price transmission in the Finnish dairy sector: an asymmetric NARDL approach},
	author       = {Rezitis, Anthony N},
	year         = 2019,
	journal      = {Empirical Economics},
	publisher    = {Springer},
	volume       = 57,
	pages        = {861--900}
}
@article{panagiotou2021asymmetric,
	title        = {Asymmetric price responses of the US pork retail prices to farm and wholesale price shocks: A nonlinear ARDL approach},
	author       = {Panagiotou, Dimitrios},
	year         = 2021,
	journal      = {The Journal of Economic Asymmetries},
	publisher    = {Elsevier},
	volume       = 23,
	pages        = {e00185}
}
@article{rahman2022welfare,
	title        = {Welfare impact of asymmetric price transmission on rice consumers in Bangladesh},
	author       = {Rahman, Mohammad Chhiddikur and Pede, Valerien O and Bali{\'e}, Jean},
	year         = 2022,
	journal      = {Review of Development Economics},
	publisher    = {Wiley Online Library},
	volume       = 26,
	number       = 3,
	pages        = {1600--1617}
}
@report{USapple2022,
	title        = {USApple 2022 Annual Review},
	author       = {{USApple}},
	year         = 2023,
	location     = {California, USA},
	date         = {2023-01-15},
	institution  = {USApple},
	type         = {Annual Report}
}
@misc{USDA_source,
	title        = {U.S. apple imports},
	author       = {{\firstsecond{USDA}{USDA, Economic Research Service}}},
	year         = 2023,
	note         = {data retrieved from Statista, \url{https://www.statista.com/statistics/193311/us-total-apple-imports-from-2000/}}
}
@report{USapple2021,
	title        = {USApple Industry Outlook 2022},
	author       = {{USApple}},
	year         = 2022,
	location     = {California, USA},
	date         = {2022-05-20},
	institution  = {USApple},
	type         = {Annual Industry Outlook}
}
@book{pesaran1995autoregressive,
	title        = {An autoregressive distributed lag modelling approach to cointegration analysis},
	author       = {Pesaran, M Hashem and Shin, Yongcheol},
	year         = 1995,
	publisher    = {Department of Applied Economics, University of Cambridge Cambridge, UK},
	volume       = 9514
}
@article{fousekis2016vertical,
	title        = {Vertical price transmission in the US beef sector: Evidence from the nonlinear ARDL model},
	author       = {Fousekis, Panos and Katrakilidis, Constantinos and Trachanas, Emmanouil},
	year         = 2016,
	journal      = {Economic Modelling},
	publisher    = {Elsevier},
	volume       = 52,
	pages        = {499--506}
}
@article{bergquist_dinerstein_2020,
	title        = {Competition and entry in agricultural markets: Experimental evidence from Kenya},
	author       = {Bergquist, Lauren Falcao and Dinerstein, Michael},
	year         = 2020,
	journal      = {American Economic Review},
	volume       = 110,
	number       = 12,
	pages        = {3705–3747},
	doi          = {10.1257/aer.20171397}
}
@article{bergquist_McIntosh_2022,
	title        = {Search cost, intermediation, and trade: Experimental evidence from Ugandan agricultural markets},
	author       = {Bergquist, Lauren Falcao and McIntosh, Craig},
	year         = 2022,
	journal      = {Working Paper},
	pages        = 12321
}
@article{antras_costinot_2011,
	title        = {Intermediated trade},
	author       = {Antràs, Pol and Costinot, Arnaud},
	year         = 2011,
	journal      = {The Quarterly Journal of Economics},
	volume       = 126,
	number       = 3,
	pages        = {1319–1374},
	doi          = {10.1093/qje/qjr019}
}
@article{ranjan_2017,
	title        = {Challenges to farm produce marketing: a model of bargaining between farmers and middlemen under risk},
	author       = {Ranjan, Ram},
	year         = 2017,
	journal      = {Journal of Agricultural and Resource Economics},
	pages        = {386--405}
}
@article{nakasone,
	title        = {The role of price information in agricultural markets: Experimental evidence from rural Peru},
	author       = {Nakasone,Eduardo},
	year         = 2013,
	journal      = {RIDIE datasets},
	pages        = 1245232,
	doi          = {10.23846/ridie002}
}
@article{casaburi_glennerster_suri_2012,
	title        = {Rural roads and intermediated trade: Regression discontinuity evidence from Sierra Leone},
	author       = {Casaburi, Lorenzo and Glennerster, Rachel and Suri, Tavneet},
	year         = 2012,
	journal      = {SSRN Electronic Journal},
	pages        = 52323,
	doi          = {10.2139/ssrn.2161643}
}
@article{asher_novosad_2020,
	title        = {Rural roads and local economic development},
	author       = {Asher, Sam and Novosad, Paul},
	year         = 2020,
	journal      = {American Economic Review},
	volume       = 110,
	number       = 3,
	pages        = {797–823},
	doi          = {10.1257/aer.20180268}
}
@article{camacho_conover_2019,
	title        = {The impact of receiving SMS price and weather information on small scale farmers in Colombia},
	author       = {Camacho, Adriana and Conover, Emily},
	year         = 2019,
	journal      = {World Development},
	volume       = 123,
	pages        = 104596,
	doi          = {10.1016/j.worlddev.2019.06.020}
}
@article{courtois_subervie_2014,
	title        = {Farmer bargaining power and Market Information Services},
	author       = {Courtois, Pierre and Subervie, Julie},
	year         = 2014,
	journal      = {American Journal of Agricultural Economics},
	volume       = 97,
	number       = 3,
	pages        = {953–977},
	doi          = {10.1093/ajae/aau051}
}
@article{fafchamps_minten_2012,
	title        = {Impact of SMS-based agricultural information on Indian Farmers},
	author       = {Fafchamps, Marcel and Minten, Bart},
	year         = 2012,
	journal      = {The World Bank Economic Review},
	volume       = 26,
	number       = 3,
	pages        = {383–414},
	doi          = {10.1093/wber/lhr056}
}
@article{hendricks_janzen_smith_2014,
	title        = {Futures prices in supply analysis: Are instrumental variables necessary?},
	author       = {Hendricks, Nathan P. and Janzen, Joseph P. and Smith, Aaron},
	year         = 2014,
	journal      = {American Journal of Agricultural Economics},
	volume       = 97,
	number       = 1,
	pages        = {22–39},
	doi          = {10.1093/ajae/aau062}
}
@article{hildebrandt_nyarko_romagnoli_soldani_2020,
	title        = {Price information, inter-village networks, and 'bargaining spillovers': Experimental evidence from Ghana},
	author       = {Hildebrandt, Nicole and Nyarko, Yaw and Romagnoli, Giorgia and Soldani, Emilia},
	year         = 2020,
	journal      = {SSRN Electronic Journal},
	pages        = 2321412,
	doi          = {10.2139/ssrn.3694558}
}
@article{huang_su_huang_liu_2022,
	title        = {Facilitating inclusive ICT application and e‐commerce development in rural China},
	author       = {Huang, Jikun and Su, Lanlan and Huang, Qiwang and Liu, Xinyu},
	year         = 2022,
	journal      = {Agricultural Economics},
	pages        = 12216,
	doi          = {10.1111/agec.12728}
}
@article{marcus_modest_1984,
	title        = {Futures markets and production decisions},
	author       = {Marcus, Alan J. and Modest, David M.},
	year         = 1984,
	journal      = {Journal of Political Economy},
	volume       = 92,
	number       = 3,
	pages        = {409–426},
	doi          = {10.1086/261234}
}
@article{mitra_mookherjee_torero_visaria_2018,
	title        = {Asymmetric information and middleman margins: An experiment with Indian Potato Farmers},
	author       = {Mitra, Sandip and Mookherjee, Dilip and Torero, Maximo and Visaria, Sujata},
	year         = 2018,
	journal      = {The Review of Economics and Statistics},
	volume       = 100,
	number       = 1,
	pages        = {1–13},
	doi          = {10.1162/rest_a_00699}
}
@article{myerson_1984,
	title        = {Two-person bargaining problems with incomplete information},
	author       = {Myerson, Roger B.},
	year         = 1984,
	journal      = {Econometrica},
	volume       = 52,
	number       = 2,
	pages        = 461,
	doi          = {10.2307/1911499}
}
@article{Hernandez_Torero_2010,
	title        = {Examining the Dynamic Relationship between Spot and Future Prices of Agricultural Commodities},
	author       = {Hernandez, Manuel. and Torero, Maximo.},
	year         = 2010,
	journal      = {IFPRI Discussion Paper},
	pages        = {00988}
}
@article{cai_de_janvry_sadoulet_2020,
	title        = {Subsidy policies and insurance demand},
	author       = {Cai, Jing and de Janvry, Alain and Sadoulet, Elisabeth},
	year         = 2020,
	journal      = {American Economic Review},
	volume       = 110,
	number       = 8,
	pages        = {2422–2453},
	doi          = {10.1257/aer.20190661}
}
@book{williams1991storage,
	title        = {Storage and commodity markets.},
	author       = {Williams, Jeffrey C and Wright, Brian D and others},
	year         = 1991,
	publisher    = {Cambridge university press}
}
@article{wright1984welfare,
	title        = {The welfare effects of the introduction of storage},
	author       = {Wright, Brian D and Williams, Jeffrey C},
	year         = 1984,
	journal      = {The Quarterly Journal of Economics},
	publisher    = {MIT Press},
	volume       = 99,
	number       = 1,
	pages        = {169--192}
}
@article{ruhinduka2020smallholder,
	title        = {Smallholder rice farmers’ post-harvest decisions: Preferences and structural factors},
	author       = {Ruhinduka, Remidius Denis and Alem, Yonas and Eggert, H{\aa}kan and Lybbert, Travis},
	year         = 2020,
	journal      = {European Review of Agricultural Economics},
	publisher    = {Oxford University Press},
	volume       = 47,
	number       = 4,
	pages        = {1587--1620}
}
@article{lai2003optimal,
	title        = {Optimal on-farm grain storage by risk-averse farmers},
	author       = {Lai, Jing-Yi and Myers, Robert J and Hanson, Steven D},
	year         = 2003,
	journal      = {Journal of Agricultural and Resource Economics},
	publisher    = {JSTOR},
	pages        = {558--579}
}
@article{minten2014new,
	title        = {The new and changing roles of cold storages in the potato supply chain in Bihar},
	author       = {Minten, Bart and Reardon, Thomas and Singh, Krishna M and Sutradhar, Rajib},
	year         = 2014,
	journal      = {Economic and Political Weekly},
	publisher    = {JSTOR},
	pages        = {98--108}
}
@article{merel2009optimal,
	title        = {Optimal investment in transportation infrastructure when middlemen have market power: A developing-country analysis},
	author       = {M{\'e}rel, Pierre R and Sexton, Richard J and Suzuki, Aya},
	year         = 2009,
	journal      = {American Journal of Agricultural Economics},
	publisher    = {Wiley Online Library},
	volume       = 91,
	number       = 2,
	pages        = {462--476}
}
@article{zhang2000captive,
	title        = {Captive supplies and the cash market price: a spatial markets approach},
	author       = {Zhang, Mingxia and Sexton, Richard J},
	year         = 2000,
	journal      = {Journal of Agricultural and Resource Economics},
	publisher    = {JSTOR},
	pages        = {88--108}
}
@article{zhang2001fob,
	title        = {FOB or uniform delivered prices: Strategic choice and welfare effects},
	author       = {Zhang, Mingxia and Sexton, Richard J},
	year         = 2001,
	journal      = {The Journal of Industrial Economics},
	publisher    = {Wiley Online Library},
	volume       = 49,
	number       = 2,
	pages        = {197--221}
}
@article{timmer2012behavioral,
	title        = {Behavioral dimensions of food security},
	author       = {Timmer, C Peter},
	year         = 2012,
	journal      = {Proceedings of the National Academy of Sciences},
	publisher    = {National Acad Sciences},
	volume       = 109,
	number       = 31,
	pages        = {12315--12320}
}
@article{waldman2020smallholder,
	title        = {Smallholder food storage dynamics and resilience},
	author       = {Waldman, Kurt B and Giroux, Stacey and Blekking, Jordan P and Baylis, Kathy and Evans, Tom P},
	year         = 2020,
	journal      = {Food Security},
	publisher    = {Springer},
	volume       = 12,
	pages        = {7--20}
}
@article{rogers_rich_1994assessing,
	title        = {Assessing the importance of oligopsony power in agricultural markets},
	author       = {Rogers, Richard T and Sexton, Richard J},
	year         = 1994,
	journal      = {American Journal of Agricultural Economics},
	publisher    = {JSTOR},
	volume       = 76,
	number       = 5,
	pages        = {1143--1150}
}
@article{saha1994household,
	title        = {A household model of on-farm storage under price risk},
	author       = {Saha, Atanu and Stroud, Janice},
	year         = 1994,
	journal      = {American Journal of Agricultural Economics},
	publisher    = {Wiley Online Library},
	volume       = 76,
	number       = 3,
	pages        = {522--534}
}
@article{park2006risk,
	title        = {Risk and household grain management in developing countries},
	author       = {Park, Albert},
	year         = 2006,
	journal      = {The Economic Journal},
	publisher    = {Oxford University Press Oxford, UK},
	volume       = 116,
	number       = 514,
	pages        = {1088--1115}
}
@article{cardell2023price,
	title        = {Price risk and small farmer maize storage in Sub-Saharan Africa: New insights into a long-standing puzzle},
	author       = {Cardell, Lila and Michelson, Hope},
	year         = 2023,
	journal      = {American Journal of Agricultural Economics},
	publisher    = {Wiley Online Library},
	volume       = 105,
	number       = 3,
	pages        = {737--759}
}
@article{aggarwal2018grain,
	title        = {Grain today, gain tomorrow: Evidence from a storage experiment with savings clubs in Kenya},
	author       = {Aggarwal, Shilpa and Francis, Eilin and Robinson, Jonathan},
	year         = 2018,
	journal      = {Journal of Development Economics},
	publisher    = {Elsevier},
	volume       = 134,
	pages        = {1--15}
}
@article{porteous2019high,
	title        = {High trade costs and their consequences: An estimated dynamic model of African agricultural storage and trade},
	author       = {Porteous, Obie},
	year         = 2019,
	journal      = {American Economic Journal: Applied Economics},
	volume       = 11,
	number       = 4,
	pages        = {327--66}
}
@article{priya2020post,
	title        = {Post-production decisions in agriculture: understanding postharvest storage and marketing decisions of smallholder farmers},
	author       = {Priya, Preeti and Mitra, Suddhachit},
	year         = 2020,
	journal      = {Food Security},
	publisher    = {Springer},
	volume       = 12,
	number       = 6,
	pages        = {1317--1329}
}
@article{dries2009farmers,
	title        = {Farmers, vertical coordination, and the restructuring of dairy supply chains in Central and Eastern Europe},
	author       = {Dries, Liesbeth and Germenji, Etleva and Noev, Nivelin and Swinnen, Johan FM},
	year         = 2009,
	journal      = {World development},
	publisher    = {Elsevier},
	volume       = 37,
	number       = 11,
	pages        = {1742--1758}
}
@article{kopp2021farmers,
	title        = {Farmers, traders, and processors: buyer market power and double marginalization in Indonesia},
	author       = {Kopp, Thomas and Sexton, Richard J},
	year         = 2021,
	journal      = {American Journal of Agricultural Economics},
	publisher    = {Wiley Online Library},
	volume       = 103,
	number       = 2,
	pages        = {543--568}
}
@article{li1992role,
	title        = {The role of inventory in delivery-time competition},
	author       = {Li, Lode},
	year         = 1992,
	journal      = {Management science},
	publisher    = {INFORMS},
	volume       = 38,
	number       = 2,
	pages        = {182--197}
}
@article{leng2005game,
	title        = {Game theoretic applications in supply chain management: a review},
	author       = {Leng, Mingming and Parlar, Mahmut},
	year         = 2005,
	journal      = {INFOR: Information Systems and Operational Research},
	publisher    = {Taylor \& Francis},
	volume       = 43,
	number       = 3,
	pages        = {187--220}
}
@article{helmberger1977welfare,
	title        = {Welfare implications of commodity storage under uncertainty},
	author       = {Helmberger, Peter and Weaver, Rob},
	year         = 1977,
	journal      = {american Journal of agricultural Economics},
	publisher    = {Wiley Online Library},
	volume       = 59,
	number       = 4,
	pages        = {639--651}
}
@article{deaton1992behaviour,
	title        = {On the behaviour of commodity prices},
	author       = {Deaton, Angus and Laroque, Guy},
	year         = 1992,
	journal      = {The review of economic studies},
	publisher    = {Wiley-Blackwell},
	volume       = 59,
	number       = 1,
	pages        = {1--23}
}
@article{wright1982econ,
	title        = {The economic role of commodity storage},
	author       = {Wright, Brian D and Williams, Jeffrey C},
	year         = 1982,
	journal      = {The Economic Journal},
	publisher    = {Oxford University Press Oxford, UK},
	volume       = 92,
	number       = 367,
	pages        = {596--614}
}
@article{tomek2001risk,
	title        = {Risk management in agricultural markets: a review},
	author       = {Tomek, William G and Peterson, Hikaru Hanawa},
	year         = 2001,
	journal      = {Journal of Futures Markets: Futures, Options, and Other Derivative Products},
	publisher    = {Wiley Online Library},
	volume       = 21,
	number       = 10,
	pages        = {953--985}
}
@article{miranda1996,
	title        = {An empirical reassessment of the commodity storage model},
	author       = {Miranda, Mario J and Rui, Xiongwen},
	year         = 1996,
	journal      = {Mimeographed document. Columbus: Department of Agricultural Economics, Ohio State University}
}
@techreport{atkin2015s,
	title        = {Who's getting globalized? The size and implications of intra-national trade costs},
	author       = {Atkin, David and Donaldson, Dave},
	year         = 2015,
	institution  = {National Bureau of Economic Research}
}
@article{channa2022overcoming,
	title        = {Overcoming smallholder farmers’ post-harvest constraints through harvest loans and storage technology: Insights from a randomized controlled trial in Tanzania},
	author       = {Channa, Hira and Ricker-Gilbert, Jacob and Feleke, Shiferaw and Abdoulaye, Tahirou},
	year         = 2022,
	journal      = {Journal of Development Economics},
	publisher    = {Elsevier},
	volume       = 157,
	pages        = 102851
}
@article{albuquerque2024market,
	title        = {Market timing, farmer expectations, and liquidity constraints},
	author       = {Albuquerque, Rui and De Araujo, Bruno and Brandao-Marques, Luis and Mosse, Gerivasia and De Vletter, Pippy and Zavale, Helder},
	year         = 2024,
	journal      = {Journal of Development Economics},
	publisher    = {Elsevier},
	volume       = 168,
	pages        = 103268
}
@article{bellemare2022agricultural,
	title        = {Agricultural value chains: towards a marriage of development economics and industrial organisation?},
	author       = {Bellemare, Marc F},
	year         = 2022,
	journal      = {Australian Journal of Agricultural and Resource Economics},
	publisher    = {Wiley Online Library},
	volume       = 66,
	number       = 2,
	pages        = {241--255}
}
@article{zimmerman2003asset,
	title        = {Asset smoothing, consumption smoothing and the reproduction of inequality under risk and subsistence constraints},
	author       = {Zimmerman, Frederick J and Carter, Michael R},
	year         = 2003,
	journal      = {Journal of Development Economics},
	publisher    = {Elsevier},
	volume       = 71,
	number       = 2,
	pages        = {233--260}
}
@article{anand2008strategic,
	title        = {Strategic inventories in vertical contracts},
	author       = {Anand, Krishnan and Anupindi, Ravi and Bassok, Yehuda},
	year         = 2008,
	journal      = {Management Science},
	publisher    = {INFORMS},
	volume       = 54,
	number       = 10,
	pages        = {1792--1804}
}
@article{hartwig2015strategic,
	title        = {Strategic inventory and supply chain behavior},
	author       = {Hartwig, Robin and Inderfurth, Karl and Sadrieh, Abdolkarim and Voigt, Guido},
	year         = 2015,
	journal      = {Production and Operations Management},
	publisher    = {Wiley Online Library},
	volume       = 24,
	number       = 8,
	pages        = {1329--1345}
}
@article{mantin2017strategic,
	title        = {Strategic inventories with quality deterioration},
	author       = {Mantin, Benny and Jiang, Lifei},
	year         = 2017,
	journal      = {European Journal of Operational Research},
	publisher    = {Elsevier},
	volume       = 258,
	number       = 1,
	pages        = {155--164}
}
@article{roy2019implications,
	title        = {The implications of visibility on the use of strategic inventory in a supply chain},
	author       = {Roy, Abhishek and Gilbert, Stephen M and Lai, Guoming},
	year         = 2019,
	journal      = {Management Science},
	publisher    = {INFORMS},
	volume       = 65,
	number       = 4,
	pages        = {1752--1767}
}
@article{antoniou2019strategic,
	title        = {Strategic inventories under limited commitment},
	author       = {Antoniou, Fabio and Fiocco, Raffaele},
	year         = 2019,
	journal      = {The RAND Journal of Economics},
	publisher    = {Wiley Online Library},
	volume       = 50,
	number       = 3,
	pages        = {695--729}
}
@article{hu2021strategic,
	title        = {Strategic inventories in a supply chain with downstream Cournot duopoly},
	author       = {Hu, Xiaowei and Jang, Jaejin and Hamoud, Nabeel and Bajgiran, Amirsaman},
	year         = 2021,
	journal      = {International Journal of Operational Research},
	publisher    = {Inderscience Publishers (IEL)},
	volume       = 42,
	number       = 4,
	pages        = {524--542}
}
@article{cai2021supply,
	title        = {Supply Chain Contract Preferences Under Two Uncertain Selling Seasons Considering Intertemporal Inventory Capability},
	author       = {Cai, Jianhu and Zhang, Yujie and Zhou, Qing and Xue, Tingting and Zeng, Zhijun},
	year         = 2021,
	journal      = {IEEE Access},
	publisher    = {IEEE},
	volume       = 9,
	pages        = {25073--25089}
}
@article{sudhir2005time,
	title        = {Time-varying competition},
	author       = {Sudhir, K and Chintagunta, Pradeep K and Kadiyali, Vrinda},
	year         = 2005,
	journal      = {Marketing Science},
	publisher    = {INFORMS},
	volume       = 24,
	number       = 1,
	pages        = {96--109}
}
@article{green1984noncooperative,
	title        = {Noncooperative collusion under imperfect price information},
	author       = {Green, Edward J and Porter, Robert H},
	year         = 1984,
	journal      = {Econometrica: Journal of the Econometric Society},
	publisher    = {JSTOR},
	pages        = {87--100}
}
@article{rotemberg1986supergame,
	title        = {A supergame-theoretic model of price wars during booms},
	author       = {Rotemberg, Julio J and Saloner, Garth},
	year         = 1986,
	journal      = {The American economic review},
	publisher    = {JSTOR},
	volume       = 76,
	number       = 3,
	pages        = {390--407}
}
@article{herings2005intertemporal,
	title        = {Intertemporal market division:: A case of alternating monopoly},
	author       = {Herings, P Jean-Jacques and Peeters, Ronald and Schinkel, Maarten Pieter},
	year         = 2005,
	journal      = {European Economic Review},
	publisher    = {Elsevier},
	volume       = 49,
	number       = 5,
	pages        = {1207--1223}
}
@article{gilbert1989role,
	title        = {The role of potential competition in industrial organization},
	author       = {Gilbert, Richard J},
	year         = 1989,
	journal      = {Journal of Economic Perspectives},
	publisher    = {American Economic Association},
	volume       = 3,
	number       = 3,
	pages        = {107--127}
}
@article{levins1996treadmill,
	title        = {The treadmill revisited},
	author       = {Levins, Richard A and Cochrane, Willard W},
	year         = 1996,
	journal      = {Land Economics},
	publisher    = {JSTOR},
	volume       = 72,
	number       = 4,
	pages        = {550--553}
}
@article{kreps1983quantity,
	title        = {Quantity precommitment and Bertrand competition yield Cournot outcomes},
	author       = {Kreps, David M and Scheinkman, Jose A},
	year         = 1983,
	journal      = {The Bell Journal of Economics},
	publisher    = {JSTOR},
	pages        = {326--337}
}
@book{cochrane1958farm,
	title        = {Farm prices: myth and reality},
	author       = {Cochrane, Willard W},
	year         = 1958,
	publisher    = {U of Minnesota Press}
}
@article{saloner1987cournot,
	title        = {Cournot duopoly with two production periods},
	author       = {Saloner, Garth},
	year         = 1987,
	journal      = {Journal of Economic Theory},
	publisher    = {Elsevier},
	volume       = 42,
	number       = 1,
	pages        = {183--187}
}
@book{williams1989economic,
	title        = {The economic function of futures markets},
	author       = {Williams, Jeffrey},
	year         = 1989,
	publisher    = {Cambridge University Press}
}
@article{chatterjee2023market,
	title        = {Market Power and Spatial Competition in Rural India},
	author       = {Chatterjee, Shoumitro},
	year         = 2023,
	journal      = {The Quarterly Journal of Economics},
	publisher    = {Oxford University Press},
	volume       = 138,
	number       = 3,
	pages        = {1649--1711}
}



@article{liu2013risk,
  title={Risk preferences and pesticide use by cotton farmers in China},
  author={Liu, Elaine M and Huang, JiKun},
  journal={Journal of Development Economics},
  volume={103},
  pages={202--215},
  year={2013},
  publisher={Elsevier}
}


@article{liu2013time,
  title={Time to change what to sow: Risk preferences and technology adoption decisions of cotton farmers in China},
  author={Liu, Elaine M},
  journal={Review of Economics and Statistics},
  volume={95},
  number={4},
  pages={1386--1403},
  year={2013},
  publisher={The MIT Press}
}


@misc{FAO2004,
  author       = {{Food and Agriculture Organization of the United Nations}},
  title        = {Deciduous Fruit Production in China},
  year         = {2004},
  url          = {https://www.fao.org/4/ab985e/ab985e06.htm},
  note         = {Accessed September 20, 2025}
}

@misc{UKGov2021,
  author       = {{UK Government}},
  title        = {Shan Xi Ping Guo / Shaanxi Ping Guo. Protected food and drink names},
  year         = {2021},
  url          = {https://www.gov.uk/protected-food-drink-names/shan-xi-ping-guo-slash-shaanxi-ping-guo},
  note         = {Accessed September 20, 2025}
}



@article{goodrich2025rainfall,
  title={Rainfall timing, forage growth, and insuring forage: Linking producer perceptions to observational data},
  author={Goodrich, Brittney and Yu, Jisang and Davidson, Kelly and Goh, Gyuhyeong},
  journal={American Journal of Agricultural Economics},
  year={2025},
  publisher={Wiley Online Library}
}

@article{janzen2024commodity,
  title={Commodity storage and the cost of capital: Evidence from Illinois grain farms},
  author={Janzen, Joseph P and Paulson, Nicholas D and Tsay, Juo-Han},
  journal={American Journal of Agricultural Economics},
  volume={106},
  number={2},
  pages={526--546},
  year={2024},
  publisher={Wiley Online Library}
}

@article{nindi2024incentive,
  title={Incentive mechanisms to exploit intraseasonal price arbitrage opportunities for smallholder farmers: Experimental evidence from Malawi},
  author={Nindi, Tabitha and Ricker-Gilbert, Jacob and Bauchet, Jonathan},
  journal={American Journal of Agricultural Economics},
  volume={106},
  number={1},
  pages={330--353},
  year={2024},
  publisher={Wiley Online Library}
}



@article{rubens2023market,
	title        = {Market structure, oligopsony power, and productivity},
	author       = {Rubens, Michael},
	year         = 2023,
	journal      = {American Economic Review},
	publisher    = {American Economic Association 2014 Broadway, Suite 305, Nashville, TN 37203},
	volume       = 113,
	number       = 9,
	pages        = {2382--2410}
}
@article{stiglitz1981potential,
	title        = {Potential competition may reduce welfare},
	author       = {Stiglitz, Joseph E},
	year         = 1981,
	journal      = {American Economic Review},
	publisher    = {JSTOR},
	volume       = 71,
	number       = 2,
	pages        = {184--189}
}
@article{binmore1986nash,
	title        = {The Nash bargaining solution in economic modelling},
	author       = {Binmore, Ken and Rubinstein, Ariel and Wolinsky, Asher},
	year         = 1986,
	journal      = {The RAND Journal of Economics},
	publisher    = {JSTOR},
	pages        = {176--188}
}
@article{kahneman1979prospect,
	title        = {Prospect Theory: An Analysis of Decision under Risk},
	author       = {Kahneman, Daniel and Tversky, Amos},
	year         = 1979,
	journal      = {Econometrica},
	volume       = 47,
	number       = 2,
	pages        = {263--292}
}
@article{kHoszegi2006model,
	title        = {A model of reference-dependent preferences},
	author       = {K{\H{o}}szegi, Botond and Rabin, Matthew},
	year         = 2006,
	journal      = {The Quarterly Journal of Economics},
	publisher    = {MIT Press},
	volume       = 121,
	number       = 4,
	pages        = {1133--1165}
}
@article{kHoszegi2007reference,
	title        = {Reference-dependent risk attitudes},
	author       = {K{\H{o}}szegi, Botond and Rabin, Matthew},
	year         = 2007,
	journal      = {American Economic Review},
	publisher    = {American Economic Association},
	volume       = 97,
	number       = 4,
	pages        = {1047--1073}
}
@article{kHoszegi2008choices,
	title        = {Choices, situations, and happiness},
	author       = {K{\H{o}}szegi, Botond and Rabin, Matthew},
	year         = 2008,
	journal      = {Journal of Public Economics},
	publisher    = {Elsevier},
	volume       = 92,
	number       = {8-9},
	pages        = {1821--1832}
}
@article{kHoszegi2009reference,
	title        = {Reference-dependent consumption plans},
	author       = {K{\H{o}}szegi, Botond and Rabin, Matthew},
	year         = 2009,
	journal      = {American Economic Review},
	publisher    = {American Economic Association},
	volume       = 99,
	number       = 3,
	pages        = {909--936}
}
@article{rotemberg1989cyclical,
	title        = {The cyclical behavior of strategic inventories},
	author       = {Rotemberg, Julio J and Saloner, Garth},
	year         = 1989,
	journal      = {The Quarterly Journal of Economics},
	publisher    = {MIT Press},
	volume       = 104,
	number       = 1,
	pages        = {73--97}
}
@article{o2018modeling,
	title        = {Modeling risk aversion in economics},
	author       = {O'Donoghue, Ted and Somerville, Jason},
	year         = 2018,
	journal      = {Journal of Economic Perspectives},
	publisher    = {American Economic Association 2014 Broadway, Suite 305, Nashville, TN 37203-2418},
	volume       = 32,
	number       = 2,
	pages        = {91--114}
}
@article{zavala2022unfair,
	title        = {Unfair trade? Monopsony power in agricultural value chains},
	author       = {Zavala, Lucas},
	year         = 2022,
	journal      = {The World Bank}
}
@article{Belton_et_al_2024,
	title        = {Wholesalers and the transformation of Myanmar's maize value chains},
	author       = {Belton, Ben and Cho, Ame and Hall, Michael and Minten, Bart and Reardon, Thomas},
	year         = 2024,
	journal      = {Applied Economic Perspectives and Policy},
	volume       = 1,
	number       = 29,
	doi          = {10.1002/aepp.13489}
}
@article{sun2021production,
	title        = {Production efficiency and change characteristics of China’s apple industry in terms of planting scale},
	author       = {Sun, Yu and Lu, Yonghua and Wang, Zichun and Li, Mingyue},
	year         = 2021,
	journal      = {PloS one},
	publisher    = {Public Library of Science San Francisco, CA USA},
	volume       = 16,
	number       = 7,
	pages        = {e0254820}
}

@article{Irsova2025Relative,
title={Relative Risk Aversion: A Meta‐Analysis},
author={Zuzana Irsova and Tomas Havranek and Ali Elminejad},
journal={Journal of Economic Surveys},
year={2025},
doi={10.1111/joes.12689}
}

@article{Szpiro1986Relative,
title={Relative risk aversion around the world},
author={George G. Szpiro},
journal={Economics Letters},
year={1986},
volume={20},
pages={19-21},
doi={10.1016/0165-1765(86)90072-8}
}

@article{liu2020delayed,
  title={Delayed premium payment, insurance adoption, and household investment in rural China},
  author={Liu, Yanyan and Chen, Kevin and Hill, Ruth V},
  journal={American Journal of Agricultural Economics},
  volume={102},
  number={4},
  pages={1177--1197},
  year={2020},
  publisher={Wiley Online Library}
}

@article{Umar2025Drivers,title={Drivers of Farmers' Contract Compliance Behavior: Evidence From a Case Study of Dangote Tomato Processing Plant in Northern Nigeria},author={Umar Shehu Umar and Sanzidur Rahman and Giacomo Zanello},journal={Agribusiness},year={2025},doi={10.1002/agr.22039}}


@article{Belissa2019Liquidity,title={Liquidity constraints, informal institutions, and the adoption of weather insurance: A randomized controlled Trial in Ethiopia},author={Temesgen K. Belissa and E. Bulte and F. Cecchi and S. Gangopadhyay and R. Lensink},journal={Journal of Development Economics},year={2019},doi={10.1016/J.JDEVECO.2019.06.006}}

@article{bauer2012behavioral,
  title={Behavioral foundations of microcredit: Experimental and survey evidence from rural India},
  author={Bauer, Michal and Chytilov{\'a}, Julie and Morduch, Jonathan},
  journal={American Economic Review},
  volume={102},
  number={2},
  pages={1118--1139},
  year={2012},
  publisher={American Economic Association}
}

@article{tanaka2010risk,
  title={Risk and time preferences: Linking experimental and household survey data from Vietnam},
  author={Tanaka, Tomomi and Camerer, Colin F and Nguyen, Quang},
  journal={American economic review},
  volume={100},
  number={1},
  pages={557--571},
  year={2010},
  publisher={American Economic Association}
}


@article{frederick2002time,
  title={Time discounting and time preference: A critical review},
  author={Frederick, Shane and Loewenstein, George and O’donoghue, Ted},
  journal={Journal of economic literature},
  volume={40},
  number={2},
  pages={351--401},
  year={2002},
  publisher={American Economic Association}
}

@article{Berger2020Characterizing,
title={Characterizing ambiguity attitudes using model uncertainty},
author={L. Berger and V. Bosetti},
journal={Journal of Economic Behavior and Organization},
year={2020},
doi={10.1016/j.jebo.2020.02.014}
}

@article{zavala2024unfair,
  title={Unfair trade? Monopsony power in agricultural value chains},
  author={Zavala, Lucas},
  journal={The World Bank},
  year={2024}
}

@article{bergquist_McIntosh_2024,
	title        = {Search cost, intermediation, and trade: Experimental evidence from Ugandan agricultural markets},
	author       = {Bergquist, Lauren Falcao and McIntosh, Craig},
	year         = 2024,
	journal      = {Working Paper},
	pages        = 12321
}
@article{hamilton2024spatial,
	title        = {Spatial procurement of farm products and the supply of processed foods: Application to the tomato processing industry},
	author       = {Hamilton, Stephen and Kjorlien, Scott and Ligon, Ethan and Shafran, Aric},
	year         = 2024,
	journal      = {Review of Industrial Organization},
	publisher    = {Springer},
	volume       = 64,
	number       = 1,
	pages        = {11--33}
}
@article{macdonald2024introduction,
	title        = {Introduction: The Industrial Organization of Food and Agriculture},
	author       = {MacDonald, James M},
	year         = 2024,
	journal      = {Review of Industrial Organization},
	publisher    = {Springer},
	volume       = 64,
	number       = 1,
	pages        = {1--9}
}
@article{sexton2018increasing,
	title        = {Increasing concentration in the agricultural supply chain: Implications for market power and sector performance},
	author       = {Sexton, Richard J and Xia, Tian},
	year         = 2018,
	journal      = {Annual Review of Resource Economics},
	publisher    = {Annual Reviews},
	volume       = 10,
	number       = 1,
	pages        = {229--251}
}
@article{sexton2013market,
	title        = {Market power, Misconceptions, and Modern Agricultural Markets},
	author       = {Sexton, Richard J},
	year         = 2013,
	journal      = {American Journal of Agricultural Economics},
	publisher    = {Wiley Online Library},
	volume       = 95,
	number       = 2,
	pages        = {209--219}
}
@article{sexton2000industrialization,
	title        = {Industrialization and consolidation in the US food sector: implications for competition and welfare},
	author       = {Sexton, Richard J},
	year         = 2000,
	journal      = {American Journal of Agricultural Economics},
	publisher    = {Wiley Online Library},
	volume       = 82,
	number       = 5,
	pages        = {1087--1104}
}
@article{alston1997effects,
	title        = {The effects of imperfect competition on the size and distribution of research benefits},
	author       = {Alston, Julian M and Sexton, Richard J and Zhang, Mingxia},
	year         = 1997,
	journal      = {American Journal of Agricultural Economics},
	publisher    = {Wiley Online Library},
	volume       = 79,
	number       = 4,
	pages        = {1252--1265}
}
@article{huang1996measuring,
	title        = {Measuring returns to an innovation in an imperfectly competitive market: Application to mechanical harvesting of processing tomatoes in Taiwan},
	author       = {Huang, Shu-Yu and Sexton, Richard J},
	year         = 1996,
	journal      = {American Journal of Agricultural Economics},
	publisher    = {Wiley Online Library},
	volume       = 78,
	number       = 3,
	pages        = {558--571}
}
@article{merel2017buyer,
	title        = {Buyer power with atomistic upstream entry: Can downstream consolidation increase production and welfare?},
	author       = {M{\'e}rel, Pierre and Sexton, Richard J},
	year         = 2017,
	journal      = {International Journal of Industrial Organization},
	publisher    = {Elsevier},
	volume       = 50,
	pages        = {259--293}
}
@article{crespi2012competition,
	title        = {Competition in US farm product markets: Do long-run incentives trump short-run market power?},
	author       = {Crespi, John M and Saitone, Tina L and Sexton, Richard J},
	year         = 2012,
	journal      = {Applied Economic Perspectives and Policy},
	publisher    = {Wiley Online Library},
	volume       = 34,
	number       = 4,
	pages        = {669--695}
}

@article{sexton2001assessment,
  title={An assessment of the impact of food industry market power on US consumers},
  author={Sexton, Richard J and Zhang, Mingxia},
  journal={Agribusiness},
  volume={17},
  number={1},
  pages={59--79},
  year={2001},
  publisher={Wiley Online Library}
}

@incollection{karp1996dynamic,
  title={Dynamic models of oligopoly in rice and coffee export markets},
  author={Karp, Larry S and Perloff, Jeffrey M},
  booktitle={Agricultural Markets},
  pages={171--204},
  year={1996},
  publisher={Emerald Group Publishing Limited}
}


@article{saitone2018price,
  title={Price premiums, payment delays, and default risk: Understanding developing country farmers’ decisions to market through a cooperative or a private trader},
  author={Saitone, Tina L and Sexton, Richard J and Malan, Beno{\^\i}t},
  journal={Agricultural Economics},
  volume={49},
  number={3},
  pages={363--380},
  year={2018},
  publisher={Wiley Online Library}
}
